@article{yangLL14,
  author    = {Jianwei Yang and
               Zhen Lei and
               Stan Z. Li},
  title     = {Learn Convolutional Neural Network for Face Anti-Spoofing},
  journal   = {CoRR},
  volume    = {abs/1408.5601},
  year      = {2014},
}
@ARTICLE{theano,
   author = {{Theano Development Team}},
    title = "{Theano: A {Python} framework for fast computation of mathematical expressions}",
  journal = {arXiv e-prints},
   volume = {abs/1605.02688},
 primaryClass = "cs.SC",
 keywords = {Computer Science - Symbolic Computation, Computer Science - Learning, Computer Science - Mathematical Software},
     year = 2016,
    month = may,
      url = {http://arxiv.org/abs/1605.02688},
}